https://www.semanticscholar.org/paper/6f18cf33eb6e22b1fd665bd24ddf1e9c0509a420
@article{Eliot2021DifficultiesIL,
  title   = {Difficulties In Legally Defining AI For The Law},
  author  = {Lance B. Eliot},
  journal = {SSRN Electronic Journal},
  year    = {2021},
  url     = {https://api.semanticscholar.org/CorpusID:244063104}
}


https://www.semanticscholar.org/paper/147fde8bd3c092aeb9372c85cedb460d9f22a2ee
@article{Cooreman2022CriticalRO,
  title   = {Critical Reflections on the Ethical Regulation of AI: Challenges with Existing Frameworks and Alternative Regulation Approaches},
  author  = {Hayden Cooreman and Qin Zhu},
  journal = {2022 IEEE International Symposium on Technology and Society (ISTAS)},
  year    = {2022},
  volume  = {1},
  pages   = {1-5},
  url     = {https://api.semanticscholar.org/CorpusID:261320292}
}

https://www.semanticscholar.org/paper/6624236a5ab39d57d2463fca646e15973a5a6a55
@article{Tambuskar2022ChallengesAB,
  title   = {Challenges and Benefits of 7 ways Artificial Intelligence in Education Sector},
  author  = {Sonali Tambuskar},
  journal = {Review of Artificial Intelligence in Education},
  year    = {2022},
  url     = {https://api.semanticscholar.org/CorpusID:260906371}
}

https://www.semanticscholar.org/paper/d45e5a95b3442afd3028e87edd060fcbacd128dc
@inproceedings{Simonsen2022OpenRO,
  title  = {Open Research Online Deﬁning the boundaries between Artiﬁcial Intelligence in Education, Computer-Supported Collaborative Learning, Educational Data Mining, and Learning Analytics: A Need for Coherence},
  author = {Henrik K{\o}hler Simonsen and Christothea Herodotou},
  year   = {2022},
  url    = {https://api.semanticscholar.org/CorpusID:253065371}
}


https://www.semanticscholar.org/paper/b1c7a9ef833287615fae3324eae044fc76839460
@inproceedings{Rienties2020DefiningTB,
  title     = {Defining the Boundaries Between Artificial Intelligence in Education, Computer-Supported Collaborative Learning, Educational Data Mining, and Learning Analytics: A Need for Coherence},
  author    = {Bart Rienties and Henrik K{\o}hler Simonsen and Christothea Herodotou},
  booktitle = {Frontiers in Education},
  year      = {2020},
  url       = {https://api.semanticscholar.org/CorpusID:220548557}
}



https://www.simplilearn.com/tutorials/artificial-intelligence-tutorial/ai-vs-machine-learning-vs-deep-learning
@misc{simplilearn_ai_ml_dl,
  title        = {Differences Between AI vs. Machine Learning vs. Deep Learning},
  author       = {Simplilearn},
  howpublished = {\url{https://www.simplilearn.com/tutorials/artificial-intelligence-tutorial/ai-vs-machine-learning-vs-deep-learning}},
  note         = {Accessed: 2024-05-19}
}

https://globalnews.ca/news/9553331/gpt-4-open-ai-chatgpt
@misc{globalnews_gpt4,
  title        = {Introducing GPT-4: The next generation AI that can ‘see’},
  author       = {Global News},
  howpublished = {\url{https://globalnews.ca/news/9553331/gpt-4-open-ai-chatgpt}},
  note         = {Accessed: 2024-05-19}
}

https://pi.ai
@misc{pi_ai,
  title        = {Pi, your personal AI},
  author       = {Pi.ai},
  howpublished = {\url{https://pi.ai}},
  note         = {Accessed: 2024-05-19}
}

https://openai.com/index/hello-gpt-4o
@misc{openai_gpt4o,
  title        = {Hello GPT-4o},
  author       = {OpenAI},
  howpublished = {\url{https://openai.com/index/hello-gpt-4o}},
  note         = {Accessed: 2024-05-19}
}

https://www.bemyeyes.com
@misc{bemyeyes,
  title        = {Be My Eyes - See the world together},
  author       = {Be My Eyes},
  howpublished = {\url{https://www.bemyeyes.com}},
  note         = {Accessed: 2024-05-19}
}

https://www.youtube.com/watch?v=KwNUJ69RbwY
@misc{youtube_bemyeyes_gpt4o,
  title        = {Be My Eyes Accessibility with GPT-4o},
  author       = {YouTube},
  howpublished = {\url{https://www.youtube.com/watch?v=KwNUJ69RbwY}},
  note         = {Accessed: 2024-05-19}
}

https://nerdynav.com/chatgpt-statistics
@misc{nerdynav_chatgpt_stats,
  title        = {107 Up-to-Date ChatGPT Statistics \& User Numbers [April 2024]},
  author       = {NerdyNav},
  howpublished = {\url{https://nerdynav.com/chatgpt-statistics}},
  note         = {Accessed: 2024-05-19}
}


https://arstechnica.com/information-technology/2023/02/chatgpt-sets-record-for-fastest-growing-user-base-in-history-report-says
@misc{arstechnica_chatgpt_growth,
  title        = {ChatGPT sets record for fastest-growing user base in history, report says},
  author       = {Ars Technica},
  howpublished = {\url{https://arstechnica.com/information-technology/2023/02/chatgpt-sets-record-for-fastest-growing-user-base-in-history-report-says}},
  note         = {Accessed: 2024-05-19}
}







https://www.namepepper.com/chatgpt-users
@misc{namepepper_chatgpt_users,
  title        = {Number of ChatGPT Users and Key Stats (May 2024)},
  author       = {Name Pepper},
  howpublished = {\url{https://www.namepepper.com/chatgpt-users}},
  note         = {Accessed: 2024-05-19}
}


https://investingchannel.com/article/585154/15-countries-that-banned-chatgpt
@misc{investingchannel_chatgpt_bans,
  title        = {15 Countries That Banned ChatGPT},
  author       = {InvestingChannel},
  howpublished = {\url{https://investingchannel.com/article/585154/15-countries-that-banned-chatgpt}},
  note         = {Accessed: 2024-05-19}
}

https://theweek.com/education/ai-in-schools-machine-learning
@misc{theweek_ai_schools,
  title        = {Intelligence service: how schools are managing AI},
  author       = {Amanda Constance},
  howpublished = {\url{https://theweek.com/education/ai-in-schools-machine-learning}},
  note         = {Accessed: 2024-05-19}
}

https://www.reddit.com/r/changemyview/comments/123m3xr/cmv_using_chatgpt_for_academic_purposes_is_not_an
@misc{reddit_chatgpt_academic_purposes,
  title        = {CMV: Using ChatGPT for academic purposes is not an ethical issue},
  author       = {Reddit},
  howpublished = {\url{https://www.reddit.com/r/changemyview/comments/123m3xr/cmv_using_chatgpt_for_academic_purposes_is_not_an}},
  note         = {Accessed: 2024-05-19}
}

https://www.nytimes.com/2023/12/13/technology/chatbot-cheating-schools-students.html
@misc{nytimes_chatbot_cheating,
  title        = {Chatbot cheating in schools: students and educators adapt to new challenges},
  author       = {The New York Times},
  howpublished = {\url{https://www.nytimes.com/2023/12/13/technology/chatbot-cheating-schools-students.html}},
  note         = {Accessed: 2024-05-19}
}

https://kb.iu.edu/d/bimt
@misc{kb_iu_chatgpt,
  title        = {Using ChatGPT: Guidelines and Best Practices},
  author       = {Indiana University Knowledge Base},
  howpublished = {\url{https://kb.iu.edu/d/bimt}},
  note         = {Accessed: 2024-05-19}
}

https://originality.ai
@misc{originality_ai,
  title        = {Originality.AI - AI Content Detection and Plagiarism Checker},
  author       = {Originality.AI},
  howpublished = {\url{https://originality.ai}},
  note         = {Accessed: 2024-05-19}
}

https://copyleaks.com
@misc{copyleaks,
  title        = {Copyleaks - AI-Based Plagiarism Detection},
  author       = {Copyleaks},
  howpublished = {\url{https://copyleaks.com}},
  note         = {Accessed: 2024-05-19}
}

https://quillbot.com
@misc{quillbot,
  title        = {QuillBot - AI Writing Assistant},
  author       = {QuillBot},
  howpublished = {\url{https://quillbot.com}},
  note         = {Accessed: 2024-05-19}
}

https://gptzero.me
@misc{gptzero,
  title        = {GPTZero - Detect AI-Generated Text},
  author       = {GPTZero},
  howpublished = {\url{https://gptzero.me}},
  note         = {Accessed: 2024-05-19}
}




https://www.compilatio.net/ia-detecteur-info
@misc{compilatio_ia_detecteur,
  title        = {Détecteur de contenu IA : détecter l'IA grâce à Compilatio},
  author       = {Compilatio},
  howpublished = {\url{https://www.compilatio.net/ia-detecteur-info}},
  note         = {Accessed: 2024-05-19}
}

https://www.scribbr.com/ai-tools/how-do-ai-detectors-work
@misc{scribbr_ai_detectors,
  title        = {How Do AI Detectors Work? | Methods & Reliability},
  author       = {Scribbr},
  howpublished = {\url{https://www.scribbr.com/ai-tools/how-do-ai-detectors-work}},
  note         = {Accessed: 2024-05-19}
}


https://contadu.com/ai-detection-tools-the-challenge-of-todays-digital-age
@misc{contadu_ai_detection,
  title        = {AI detection tools: the challenge of today’s digital age},
  author       = {CONTADU},
  howpublished = {\url{https://contadu.com/ai-detection-tools-the-challenge-of-todays-digital-age}},
  note         = {Accessed: 2024-05-19}
}

https://edintegrity.biomedcentral.com/articles/10.1007/s40979-023-00140-5
@article{biomedcentral_ai_detection,
  title   = {Evaluating the efficacy of AI content detection tools in differentiating between human and AI-generated text},
  author  = {International Journal for Educational Integrity},
  journal = {International Journal for Educational Integrity},
  year    = {2023},
  url     = {https://edintegrity.biomedcentral.com/articles/10.1007/s40979-023-00140-5}
}

https://surferseo.com/blog/how-do-ai-content-detectors-work
@misc{surferseo_ai_content_detectors,
  title        = {4 Ways AI Content Detectors Work To Spot AI},
  author       = {Surfer SEO},
  howpublished = {\url{https://surferseo.com/blog/how-do-ai-content-detectors-work}},
  note         = {Accessed: 2024-05-19}
}

https://edintegrity.biomedcentral.com/articles/10.1007/s40979-023-00146-z
@article{biomedcentral_ai_detection_variation,
  title   = {Another article on AI content detection tools},
  author  = {International Journal for Educational Integrity},
  journal = {International Journal for Educational Integrity},
  year    = {2023},
  url     = {https://edintegrity.biomedcentral.com/articles/10.1007/s40979-023-00146-z}
}


https://www.reddit.com/r/ChatGPT/comments/139wvn7/how_to_avoid_ai_detection
@misc{reddit_avoid_ai_detection,
  title        = {How to avoid AI detection},
  author       = {Reddit},
  howpublished = {\url{https://www.reddit.com/r/ChatGPT/comments/139wvn7/how_to_avoid_ai_detection}},
  note         = {Accessed: 2024-05-19}
}

https://www.reddit.com/r/ChatGPT/comments/18f0u56/to_fool_an_ai_detector
@misc{reddit_fool_ai_detector,
  title        = {To fool an AI detector},
  author       = {Reddit},
  howpublished = {\url{https://www.reddit.com/r/ChatGPT/comments/18f0u56/to_fool_an_ai_detector}},
  note         = {Accessed: 2024-05-19}
}

https://www.reddit.com/r/ChatGPT/comments/100jw27/how_you_can_bypass_ai_detection
@misc{reddit_bypass_ai_detection_1,
  title        = {How you can bypass AI detection},
  author       = {Reddit},
  howpublished = {\url{https://www.reddit.com/r/ChatGPT/comments/100jw27/how_you_can_bypass_ai_detection}},
  note         = {Accessed: 2024-05-19}
}

https://www.reddit.com/r/ChatGPTPromptGenius/comments/162anql/is_there_any_free_method_to_bypass_ai_detection
@misc{reddit_bypass_ai_detection_2,
  title        = {Is there any free method to bypass AI detection},
  author       = {Reddit},
  howpublished = {\url{https://www.reddit.com/r/ChatGPTPromptGenius/comments/162anql/is_there_any_free_method_to_bypass_ai_detection}},
  note         = {Accessed: 2024-05-19}
}

https://www.reddit.com/r/OpenAI/comments/zmglvv/how_to_outsmart_and_bypass_ai_content_detection
@misc{reddit_bypass_ai_detection_3,
  title        = {How to outsmart and bypass AI content detection},
  author       = {Reddit},
  howpublished = {\url{https://www.reddit.com/r/OpenAI/comments/zmglvv/how_to_outsmart_and_bypass_ai_content_detection}},
  note         = {Accessed: 2024-05-19}
}

https://www.reddit.com/r/OpenAI/comments/122wlot/the_best_way_to_bypass_ai_detectors
@misc{reddit_bypass_ai_detection_4,
  title        = {The best way to bypass AI detectors},
  author       = {Reddit},
  howpublished = {\url{https://www.reddit.com/r/OpenAI/comments/122wlot/the_best_way_to_bypass_ai_detectors}},
  note         = {Accessed: 2024-05-19}
}

https://www2.datainnovation.org/2022-ai-universities.pdf
@misc{datainnovation_ai_universities,
  title        = {The 2022 State of AI in Universities},
  author       = {Data Innovation},
  howpublished = {\url{https://www2.datainnovation.org/2022-ai-universities.pdf}},
  note         = {Accessed: 2024-05-19}
}



https://dig.watch/updates/uk-government-invests-2-million-in-ai-classroom-technology
@misc{dig_watch_ai_investment,
  title        = {UK government invests £2 million in AI classroom technology},
  author       = {Digital Watch Observatory},
  howpublished = {\url{https://dig.watch/updates/uk-government-invests-2-million-in-ai-classroom-technology}},
  note         = {Accessed: 2024-05-19}
}


https://www.openaccessgovernment.org/uk-government-invests-in-ai-powered-teacher-support/169271
@misc{openaccessgov_ai_teacher_support,
  title        = {UK government invests in AI-powered teacher support},
  author       = {Open Access Government},
  howpublished = {\url{https://www.openaccessgovernment.org/uk-government-invests-in-ai-powered-teacher-support/169271}},
  note         = {Accessed: 2024-05-19}
}


https://www.gov.uk/government/news/new-support-for-teachers-powered-by-artificial-intelligence
@misc{govuk_ai_teacher_support,
  title        = {New support for teachers powered by Artificial Intelligence},
  author       = {GOV.UK},
  howpublished = {\url{https://www.gov.uk/government/news/new-support-for-teachers-powered-by-artificial-intelligence}},
  note         = {Accessed: 2024-05-19}
}

https://www.economie.gouv.fr/strategie-nationale-intelligence-artificielle
@misc{economie_gouv_ai_strategy,
  title        = {La stratégie nationale pour l’intelligence artificielle},
  author       = {Ministère de l'Économie, des Finances et de la Relance},
  howpublished = {\url{https://www.economie.gouv.fr/strategie-nationale-intelligence-artificielle}},
  note         = {Accessed: 2024-05-19}
}

https://www.entreprises.gouv.fr/fr/numerique/enjeux/la-strategie-nationale-pour-l-ia
@misc{entreprises_gouv_ai_strategy,
  title        = {La stratégie nationale pour l'intelligence artificielle},
  author       = {Ministère de l'Économie, des Finances et de la Relance},
  howpublished = {\url{https://www.entreprises.gouv.fr/fr/numerique/enjeux/la-strategie-nationale-pour-l-ia}},
  note         = {Accessed: 2024-05-19}
}

https://www.enseignementsup-recherche.gouv.fr/fr/la-strategie-france-ia-soutenir-la-dynamique-francaise-autour-de-l-intelligence-artificielle-46305
@misc{enseignementsup_recherche_ai_strategy,
  title        = {La stratégie France I.A : soutenir la dynamique française autour de l'intelligence artificielle},
  author       = {Ministère de l'Enseignement supérieur, de la Recherche et de l'Innovation},
  howpublished = {\url{https://www.enseignementsup-recherche.gouv.fr/fr/la-strategie-france-ia-soutenir-la-dynamique-francaise-autour-de-l-intelligence-artificielle-46305}},
  note         = {Accessed: 2024-05-19}
}

https://www.teachingtomorrow.co.uk/news/artificial-intelligence-in-education-empowering-teachers-and-students
@misc{teachingtomorrow_ai_education,
  title        = {How AI Can Benefit Teachers & Students Learning | AI in Education},
  author       = {Teaching Tomorrow},
  howpublished = {\url{https://www.teachingtomorrow.co.uk/news/artificial-intelligence-in-education-empowering-teachers-and-students}},
  note         = {Accessed: 2024-05-19}
}


https://edunumrech.hypotheses.org/11602
@misc{edunumrech_ai_recommendations,
  title        = {Rapport et recommandations de la commission de l’intelligence artificielle (mars 2024)},
  author       = {Éducation, numérique et recherche},
  howpublished = {\url{https://edunumrech.hypotheses.org/11602}},
  note         = {Accessed: 2024-05-19}
}

https://www.ac-paris.fr/l-intelligence-artificielle-dans-l-education-130992
@misc{ac_paris_ai_education,
  title        = {L'intelligence artificielle dans l'éducation},
  author       = {Académie de Paris},
  howpublished = {\url{https://www.ac-paris.fr/l-intelligence-artificielle-dans-l-education-130992}},
  note         = {Accessed: 2024-05-19}
}

https://www.campusmatin.com/numerique/equipements-systemes-informations/commission-ia-les-recommandations-pour-l-enseignement-superieur-et-la-recherche.html
@misc{campusmatin_ai_recommendations,
  title        = {Commission IA: les recommandations pour l’enseignement supérieur et la recherche},
  author       = {Campus Matin},
  howpublished = {\url{https://www.campusmatin.com/numerique/equipements-systemes-informations/commission-ia-les-recommandations-pour-l-enseignement-superieur-et-la-recherche.html}},
  note         = {Accessed: 2024-05-19}
}

https://brilliant.org
@misc{brilliant,
  title        = {Brilliant - Online Interactive Learning},
  author       = {Brilliant.org},
  howpublished = {\url{https://brilliant.org}},
  note         = {Accessed: 2024-05-19}
}


https://www.educationmattersmag.com.au/federal-government-releases-first-ai-framework-for-schools
@misc{educationmatters_ai_framework,
  title        = {Federal Government releases first AI framework for schools},
  author       = {Education Matters Magazine},
  howpublished = {\url{https://www.educationmattersmag.com.au/federal-government-releases-first-ai-framework-for-schools}},
  note         = {Accessed: 2024-05-19}
}

https://www.remnote.com
@misc{remnote,
  title        = {RemNote - The All-in-One Tool For Learners and Thinkers},
  author       = {RemNote},
  howpublished = {\url{https://www.remnote.com}},
  note         = {Accessed: 2024-05-19}
}

https://en.wikipedia.org/wiki/Testing_effect
@misc{wikipedia_testing_effect,
  title        = {Testing effect},
  author       = {Wikipedia},
  howpublished = {\url{https://en.wikipedia.org/wiki/Testing_effect}},
  note         = {Accessed: 2024-05-19}
}

https://www.heylama.com/blog/spaced-repetition
@misc{heylama_spaced_repetition,
  title        = {Spaced Repetition: What is it and why is it so effective?},
  author       = {HeyLama},
  howpublished = {\url{https://www.heylama.com/blog/spaced-repetition}},
  note         = {Accessed: 2024-05-19}
}

https://fordhamram.com/2023/04/11/the-complete-brilliant.org-review
@misc{fordhamram_brilliant_review,
  title        = {The Complete Brilliant.org Review},
  author       = {Fordham Ram},
  howpublished = {\url{https://fordhamram.com/2023/04/11/the-complete-brilliant.org-review}},
  note         = {Accessed: 2024-05-19}
}

https://edwize.org/brilliant-org-review
@misc{edwize_brilliant_review,
  title        = {Brilliant.org Review - An Honest Review of the Popular Learning Platform},
  author       = {EdWize},
  howpublished = {\url{https://edwize.org/brilliant-org-review}},
  note         = {Accessed: 2024-05-19}
}

https://youtu.be/P6FORpg0KVo?si=CKbRFroWrscdLr4K
@misc{youtube_brilliant_review,
  title        = {An In-Depth Review of Brilliant.org: Is It Worth It?},
  author       = {YouTube},
  howpublished = {\url{https://youtu.be/P6FORpg0KVo?si=CKbRFroWrscdLr4K}},
  note         = {Accessed: 2024-05-19}
}

https://elearningindustry.com/how-ai-is-personalizing-education-for-every-student
@misc{elearningindustry_ai_personalization,
  title        = {How AI is Personalizing Education for Every Student},
  author       = {eLearning Industry},
  howpublished = {\url{https://elearningindustry.com/how-ai-is-personalizing-education-for-every-student}},
  note         = {Accessed: 2024-05-19}
}

@misc{thinkful_ai_adaptive_curriculum,
  title        = {AI and Education: Personalized Learning and Adaptive Curriculum},
  author       = {Thinkful},
  howpublished = {\url{https://www.thinkful.com/blog/ai-and-education-personalized-learning-and-adaptive-curriculum/#:~:text=An-adaptive-curriculum-takes-personalized-learning-a-step-further.-It-involves-dynamically-adjusting-the-curriculum-based-on-a-student's-progress-and-performance}},
  note         = {Accessed: 2024-05-19}
}

https://www.speak.com
@misc{speak,
  title        = {Speak: AI-Powered Language Learning},
  author       = {Speak},
  howpublished = {\url{https://www.speak.com}},
  note         = {Accessed: 2024-05-19}
}



https://help.openai.com/en/articles/8357869-how-to-change-your-language-setting-in-chatgpt
@misc{openai_language_setting,
  title        = {How to change your language setting in ChatGPT},
  author       = {OpenAI Help Center},
  howpublished = {\url{https://help.openai.com/en/articles/8357869-how-to-change-your-language-setting-in-chatgpt}},
  note         = {Accessed: 2024-05-19}
}


https://www.youtube.com/watch?v=L61Kbo3y218&t=607s&pp=ygUGdGVkIGFp
@misc{youtube_ted_ai,
  title        = {TED Talk: How AI is Revolutionizing Education},
  author       = {YouTube},
  howpublished = {\url{https://www.youtube.com/watch?v=L61Kbo3y218&t=607s&pp=ygUGdGVkIGFp}},
  note         = {Accessed: 2024-05-19}
}

https://www.forbes.com/sites/bernardmarr/2023/04/28/the-amazing-ways-duolingo-is-using-ai-and-gpt-4/?sh=6f4d48181346
@misc{forbes_duolingo_ai,
  title        = {The Amazing Ways Duolingo is Using AI and GPT-4},
  author       = {Bernard Marr},
  howpublished = {\url{https://www.forbes.com/sites/bernardmarr/2023/04/28/the-amazing-ways-duolingo-is-using-ai-and-gpt-4/?sh=6f4d48181346}},
  note         = {Accessed: 2024-05-19}
}

https://link.springer.com/article/10.1007/s10639-022-11177-3
@article{springer_ai_education,
  title        = {Artificial Intelligence in Education: Applications and Challenges},
  author       = {SpringerLink},
  journal      = {Education and Information Technologies},
  year         = {2022},
  howpublished = {\url{https://link.springer.com/article/10.1007/s10639-022-11177-3}},
  note         = {Accessed: 2024-05-19}
}

https://www.datasciencecentral.com/automated-grading-systems-how-ai-is-revolutionizing-exam-evaluation
@misc{datasciencecentral_automated_grading,
  title        = {Automated Grading Systems: How AI is Revolutionizing Exam Evaluation},
  author       = {DataScienceCentral},
  howpublished = {\url{https://www.datasciencecentral.com/automated-grading-systems-how-ai-is-revolutionizing-exam-evaluation}},
  note         = {Accessed: 2024-05-19}
}

https://www.mckinsey.com/industries/education/our-insights/how-artificial-intelligence-will-impact-k-12-teachers
@misc{mckinsey_ai_k12_teachers,
  title        = {How Artificial Intelligence Will Impact K-12 Teachers},
  author       = {McKinsey & Company},
  howpublished = {\url{https://www.mckinsey.com/industries/education/our-insights/how-artificial-intelligence-will-impact-k-12-teachers}},
  note         = {Accessed: 2024-05-19}
}

https://www.tri-cityherald.com/news/local/education/article280745295.html
@misc{tri_cityherald_ai_cheating,
  title        = {Should Schools Fear Cheating with AI? Tri-Cities Teacher Says It Could Be Revolutionary},
  author       = {Tri-City Herald},
  howpublished = {\url{https://www.tri-cityherald.com/news/local/education/article280745295.html}},
  note         = {Accessed: 2024-05-19}
}


@article{Rashmi2023Unlocking,
  title   = {Unlocking the Potential of AI in Education: Challenges and Opportunities},
  author  = {DR. Rashmi},
  journal = {International Journal For Multidisciplinary Research},
  year    = {2023},
  doi     = {10.36948/ijfmr.2023.v05i04.5955}
}



@misc{liu2024mobilellm,
  title         = {MobileLLM: Optimizing Sub-billion Parameter Language Models for On-Device Use Cases},
  author        = {Zechun Liu and Changsheng Zhao and Forrest Iandola and Chen Lai and Yuandong Tian and Igor Fedorov and Yunyang Xiong and Ernie Chang and Yangyang Shi and Raghuraman Krishnamoorthi and Liangzhen Lai and Vikas Chandra},
  year          = {2024},
  eprint        = {2402.14905},
  archiveprefix = {arXiv},
  primaryclass  = {cs.LG}
}

@article{Shi2023IntegrationOA,
  title   = {Integration of AI with Higher Education Innovation: Reforming Future Educational Directions},
  author  = {Jianzheng Shi and Zhang Xuwei},
  journal = {International Journal of Science and Research (IJSR)},
  year    = {2023},
  url     = {https://api.semanticscholar.org/CorpusID:264947944}
}



https://neurosys.com/blog/generative-ai-in-learning-and-education
@article{neurosys2023generative,
  title  = {Generative AI in Learning and Education},
  author = {NeuroSYS},
  year   = {2023},
  url    = {https://neurosys.com/blog/generative-ai-in-learning-and-education}
}

https://www.baselinemag.com/artificial-intelligence-ai/duolingo-embraces-ai-the-impact-on-language-learning
@article{baselinemag2023duolingo,
  title  = {Duolingo Embraces AI: The Impact on Language Learning},
  author = {BaselineMag},
  year   = {2023},
  url    = {https://www.baselinemag.com/artificial-intelligence-ai/duolingo-embraces-ai-the-impact-on-language-learning}
}

https://www.tomedes.com/translator-hub/ai-revolution-through-duolingo
@article{tomedes2023duolingo,
  title  = {AI Revolution through Duolingo},
  author = {Tomedes},
  year   = {2023},
  url    = {https://www.tomedes.com/translator-hub/ai-revolution-through-duolingo}
}

https://earth.org/environmental-impact-chatgpt
@article{earth2023environmental,
  title  = {Environmental Impact of ChatGPT},
  author = {Earth.org},
  year   = {2023},
  url    = {https://earth.org/environmental-impact-chatgpt}
}

https://www2.ed.gov/documents/ai-report/ai-report.pdf
@techreport{usde2023ai,
  title       = {Artificial Intelligence and the Future of Learning},
  author      = {U.S. Department of Education},
  year        = {2023},
  institution = {U.S. Department of Education},
  url         = {https://www2.ed.gov/documents/ai-report/ai-report.pdf}
}
















